%%% Bibtex from scholar.google.com

@book{macwhinney2000childes,
  title={The CHILDES Project: Tools for Analyzing Talk, Volume II: The Database},
  author={MacWhinney, B.},
  volume=2,
  year=2000,
  publisher={Lawrence Erlbaum}
}

@article{suppes1974semantics,
  title={The semantics of children’s language},
  author={Suppes, Patrick},
  journal={American psychologist},
  volume={29},
  number={2},
  pages={103},
  year={1974}
}

@article{sachs1983talking,
  title={Talking about the there and then: The emergence of displaced
                  reference in parent-child discourse},
  author={Sachs, Jacqueline},
  journal={Children’s language},
  volume={4},
  year={1983}
}

@article{bloom1975structure,
  title={Structure and variation in child language},
  author={Bloom, Lois and Lightbown, Patsy and Hood, Lois and Bowerman, Melissa and Maratsos, Michael and Maratsos, Michael P},
  journal={Monographs of the society for Research in Child Development},
  pages={1--97},
  year={1975},
  publisher={JSTOR}
}

@article{sagae2004automatic,
  title={Automatic parsing of parental verbal input},
  author={Sagae, Kenji and MacWhinney, Brian and Lavie, Alon},
  journal={Behavior Research Methods, Instruments, \& Computers},
  volume={36},
  number={1},
  pages={113--126},
  year={2004},
  publisher={Springer}
}

@article{parisse2000automatic,
  title={Automatic disambiguation of morphosyntax in spoken language corpora},
  author={Parisse, Christophe and others},
  journal={Behavior Research Methods, Instruments, \& Computers},
  volume={32},
  number={3},
  pages={468--481},
  year={2000},
  publisher={Springer}
}
%%% [GOOD]From corresponding journal
@inproceedings{Stolcke2002,
  author = {Stolcke, Andreas},
  booktitle = {Proceedings International Conference on Spoken Language Processing},
  interhash = {3c28bc012b07b969bbd7df72f7e19762},
  intrahash = {173cfe2d69131dd4cd823e2d87772ca6},
  pages = {257-286},
  title = {SRILM-an extensible language modeling toolkit},
  year = 2002,
  timestamp = {2010-11-08T15:06:07.000+0100},
  keywords = {slm toolkits},
  added-at = {2010-11-08T15:06:07.000+0100},
  file = {:SRILM-an extensible language modeling toolkit.pdf:PDF},
  owner = {Yifan Peng},
  month = {November}
}

@Article{clair2010,
AUTHOR = {St Clair, Michelle C and Monaghan, Padraic and Christiansen, Morten H},
TITLE = {Learning grammatical categories from distributional cues: flexible frames for language acquisition.},
JOURNAL = {Cognition},
VOLUME = 116,
YEAR = 2010,
NUMBER = 3,
PAGES = {341-60},
PubMedID = 20674613,
ISSN = {1873-7838},
}

@article{Mintz200391,
title = "Frequent frames as a cue for grammatical categories in child directed speech ",
journal = "Cognition ",
volume = "90",
number = "1",
pages = "91 - 117",
year = "2003",
note = "",
issn = "0010-0277",
doi = "10.1016/S0010-0277(03)00140-9",
author = "Toben H Mintz",
keywords = "Language acquisition",
keywords = "Grammatical categories",
keywords = "Distributional analysis",
keywords = "Corpus analysis "
}

@article{theakston2001role,
  title={The role of performance limitations in the acquisition of verb-argument structure: An alternative account},
  author={Theakston, Anna L and Lieven, Elena VM and Pine, Julian M and Rowland, Caroline F},
  journal={Journal of child language},
  volume={28},
  number={1},
  pages={127--152},
  year={2001}
}

@article{JCL:1765112,
author = {Crystal,David},
title = {Roger Brown, A first language: the early stages. Cambridge, Mass.: Harvard University Press, 1973. Pp. xi + 437.},
journal = {Journal of Child Language},
volume = 1,
issue = 02,
month = 10,
year = 1974,
issn = {1469-7602},
pages = {289--307},
numpages = 19,
doi = {10.1017/S030500090000074X},
}

@article{Bloom1974380,
title = "Imitation in language development: If, when, and why ",
journal = "Cognitive Psychology ",
volume = "6",
number = "3",
pages = "380 - 420",
year = "1974",
note = "",
issn = "0010-0285",
doi = "10.1016/0010-0285(74)90018-8",
author = "Lois Bloom and Lois Hood and Patsy Lightbown"
}

@article{Goodman2001403,
  title = "A bit of progress in language modeling ",
  journal = "Computer Speech \& Language ",
  volume = "15",
  number = "4",
  pages = "403 - 434",
  year = "2001",
  note = "",
  issn = "0885-2308",
  doi = "http://dx.doi.org/10.1006/csla.2001.0174",
  author = "Joshua T. Goodman"
}

@inproceedings{alishahi2012concurrent,
  title={Concurrent acquisition of word meaning and lexical categories},
  author={Alishahi, Afra and Chrupa{\l}a, Grzegorz},
  booktitle={Proceedings of the 2012 Joint Conference on Empirical Methods in Natural Language Processing and Computational Natural Language Learning},
  pages={643--654},
  year={2012},
  organization={Association for Computational Linguistics}
}

@article{arnon2010more,
  title={More than words: Frequency effects for multi-word phrases},
  author={Arnon, Inbal and Snider, Neal},
  journal={Journal of Memory and Language},
  volume={62},
  number={1},
  pages={67--82},
  year={2010},
  publisher={Elsevier}
}

@article{monaghan2012integrating,
  title={Integrating constraints for learning word--referent mappings},
  author={Monaghan, Padraic and Mattock, Karen},
  journal={Cognition},
  volume={123},
  number={1},
  pages={133--143},
  year={2012},
  publisher={Elsevier}
}


@article{reeder2013shared,
  title={From shared contexts to syntactic categories: The role of distributional information in learning linguistic form-classes},
  author={Reeder, Patricia A and Newport, Elissa L and Aslin, Richard N},
  journal={Cognitive psychology},
  volume={66},
  number={1},
  pages={30--54},
  year={2013},
  publisher={Elsevier}
}

@article{hahn2012measuring,
  title={Measuring local context as context--word probabilities},
  author={Hahn, Lance W},
  journal={Behavior research methods},
  volume={44},
  number={2},
  pages={344--360},
  year={2012},
  publisher={Springer}
}

@article{romberg2010statistical,
  title={Statistical learning and language acquisition},
  author={Romberg, Alexa R and Saffran, Jenny R},
  journal={Wiley Interdisciplinary Reviews: Cognitive Science},
  volume={1},
  number={6},
  pages={906--914},
  year={2010},
  publisher={Wiley Online Library}
}

@inproceedings{citeulike:7843327,
    author = {Wang, Hao and Mintz, Toben H.},
    booktitle = {Proceedings Supplement of the 34th Boston University Conference on Language Development},
    editor = {Chandlee, Jane and Franich, Katie and Iserman, Kate and Keil, Lauren},
    month = apr,
    posted-at = {2010-09-15 16:34:17},
    priority = {0},
    title = {{From Linear Sequences to Abstract Structures: Distributional Information in Infant-direct Speech}},
    year = {2010}
}

@article{thiessen2012iminerva,
  title={iMinerva: A mathematical model of distributional statistical learning},
  author={Thiessen, Erik D and Pavlik, Philip I},
  journal={Cognitive science},
  year={2012},
  publisher={Wiley Online Library}
}

@article{thothathiri2012effect,
  title={The Effect of Prosody on Distributional Learning in 12-to 13-Month-Old Infants},
  author={Thothathiri, Malathi and Snedeker, Jesse and Hannon, Erin},
  journal={Infant and Child Development},
  volume={21},
  number={2},
  pages={135--145},
  year={2012},
  publisher={John Wiley \& Sons, Ltd}
}

@article{freudenthalfrequent,
  title={Frequent Frames, Flexible Frames and the Noun-Verb Asymmetry},
  author={Freudenthal, Daniel and Pine, Julian and Jones, Gary and Gobet, Fernand}
}

@article{saffran1996statistical,
  title={Statistical learning by 8-month-old infants},
  author={Saffran, Jenny R and Aslin, Richard N and Newport, Elissa L},
  journal={Science},
  volume={274},
  number={5294},
  pages={1926--1928},
  year={1996},
  publisher={American Association for the Advancement of Science}
}
@article{saffran1996word,
  title={Word segmentation: The role of distributional cues},
  author={Saffran, Jenny R and Newport, Elissa L and Aslin, Richard N},
  journal={Journal of memory and language},
  volume={35},
  number={4},
  pages={606--621},
  year={1996},
  publisher={Elsevier}
}


@article{van2010linking,
  title={Linking infants’ distributional learning abilities to natural language acquisition},
  author={Van Heugten, Marieke and Johnson, Elizabeth K},
  journal={Journal of Memory and Language},
  volume={63},
  number={2},
  pages={197--209},
  year={2010},
  publisher={Elsevier}
}


@article{gomez2002variability,
  title={Variability and detection of invariant structure},
  author={G{\'o}mez, Rebecca L},
  journal={Psychological Science},
  volume={13},
  number={5},
  pages={431--436},
  year={2002},
  publisher={SAGE Publications}
}

@ARTICLE{Redington98distributionalinformation,
    author = {Martin Redington and Nick Chater and Steven Finch},
    title = {Distributional Information: A Powerful Cue for Acquiring Syntactic Categories},
    journal = {COGNITIVE SCIENCE},
    year = {1998},
    volume = {22},
    number = {4},
    pages = {425--469}
}

@book{ambridge2011child,
  title={Child Language Acquisition: Contrasting Theoretical Approaches},
  author={Ambridge, Ben and Lieven, Elena VM},
  year={2011},
  publisher={Cambridge Univ Pr}
}

@article{cartwright1997syntactic,
  title={Syntactic categorization in early language acquisition: Formalizing the role of distributional analysis},
  author={Cartwright, Timothy A and Brent, Michael R},
  journal={Cognition},
  volume={63},
  number={2},
  pages={121--170},
  year={1997},
  publisher={Elsevier}
}

@article{mintz2002category,
  title={Category induction from distributional cues in an artificial language},
  author={Mintz, Toben H},
  journal={Memory \& Cognition},
  volume={30},
  number={5},
  pages={678--686},
  year={2002},
  publisher={Springer}
}

@article{monaghan2008integration,
  title={Integration of multiple probabilistic cues in syntax acquisition},
  author={Monaghan, Padraic and Christiansen, Morten H},
  journal={Corpora in language acquisition research: History, methods, perspectives},
  pages={139--164},
  year={2008}
}

@inproceedings{conf/iccm/FreudenthalPG04,
  added-at = {2007-02-27T00:00:00.000+0100},
  author = {Freudenthal, Daniel and Pine, Julian M. and Gobet, Fernand},
  booktitle = {ICCM},
  crossref = {conf/iccm/2004},
  date = {2007-02-27},
  description = {dblp},
  ee = {http://simon.lrdc.pitt.edu/~iccm/proceedings/papers/Freud.pdf},
  interhash = {42fc6b8bb57f87cfc22fe5de42c16893},
  intrahash = {5b61a3d032e687f58bd03840d02ffb52},
  keywords = {dblp},
  pages = {94-99},
  timestamp = {2007-02-27T00:00:00.000+0100},
  title = {Resolving Ambiguities in the Extraction of Syntactic Categories through Chunking.},
  year = 2004
}

@article{freudenthal2005resolution,
  title={On the resolution of ambiguities in the extraction of syntactic categories through chunking},
  author={Freudenthal, Daniel and Pine, Julian M and Gobet, Fernand},
  journal={Cognitive Systems Research},
  volume={6},
  number={1},
  pages={17--25},
  year={2005},
  publisher={Elsevier}
}

@InProceedings{parisien-fazly-stevenson:2008:CONLL,
  author    = {Parisien, Christopher  and  Fazly, Afsaneh  and  Stevenson, Suzanne},
  title     = {An Incremental Bayesian Model for Learning Syntactic Categories},
  booktitle = {CoNLL 2008: Proceedings of the Twelfth Conference on Computational Natural Language Learning},
  month     = {August},
  year      = {2008},
  address   = {Manchester, England},
  publisher = {Coling 2008 Organizing Committee},
  pages     = {89--96},
}

@inproceedings{YatbazSY12,
  author    = {Mehmet Ali Yatbaz and
    Enis Sert and
      Deniz Yuret},
  title     = {Learning Syntactic Categories Using Paradigmatic Representations
    of Word Context},
  booktitle = {EMNLP-CoNLL},
  year      = {2012},
  pages     = {940-951},
  crossref  = {DBLP:conf/emnlp/2012},
}

@book{manning99foundations,
  added-at = {2007-12-07T10:02:43.000+0100},
  address = {Cambridge, Massachusetts},
  author = {Manning, Christopher D. and Sch{\"u}tze, Hinrich},
  interhash = {a81df02f92f266a51183fe936f588a08},
  intrahash = {2fad675aa6ae88082af2507c16d54343},
  keywords = {lecture nlp},
  publisher = {The {MIT} Press},
  timestamp = {2007-12-07T10:02:43.000+0100},
  title = {Foundations of Statistical Natural Language Processing},
  year = 1999
}

@article{harris1954word,
  title={Word},
  author={Harris, Zellig Sabbetai},
  journal={Distributional Structure},
  volume={10},
  number={23},
  pages={146--162},
  year={1954}
}

@inproceedings{SchutzePe93,
    address = {Oxford, England},
    author = {Sch\"{u}tze, H. and Pedersen, J.},
    booktitle = {Proceedings of the 9th Annual Conference of the University of Waterloo Centre for the New OED and Text Research},
    citeulike-article-id = {931618},
    keywords = {bibtex-import},
    posted-at = {2006-11-06 08:07:46},
    priority = {2},
    title = {{A Vector Model for syntagmatic and paradigmatic relatedness}},
    year = {1993}
}

@InProceedings{lamar-EtAl:2010:Short,
  author    = {Lamar, Michael  and  Maron, Yariv  and  Johnson, Mark  and  Bienenstock, Elie},
  title     = {SVD and Clustering for Unsupervised POS Tagging},
  booktitle = {Proceedings of the ACL 2010 Conference Short Papers},
  month     = {July},
  year      = {2010},
  address   = {Uppsala, Sweden},
  publisher = {Association for Computational Linguistics},
  pages     = {215--219},
  url       = {http://www.aclweb.org/anthology/P10-2040}
}

@inproceedings{maron2010sphere,
 title = {Sphere Embedding: An Application to Part-of-Speech Induction},
 author = {Yariv Maron and Michael Lamar and Elie Bienenstock},
 booktitle = {Advances in Neural Information Processing Systems 23},
 editor = {J. Lafferty and C. K. I. Williams and J. Shawe-Taylor and R.S. Zemel and A. Culotta},
 pages = {1567--1575},
 year = {2010}
}

@inproceedings{Schutze1995,
 author = {Sch\"{u}tze, Hinrich},
 title = {Distributional part-of-speech tagging},
 booktitle = {Proceedings of the seventh conference on European chapter of the Association for Computational Linguistics},
 series = {EACL '95},
 year = {1995},
 location = {Dublin, Ireland},
 pages = {141--148},
 numpages = {8},
 url = {http://dx.doi.org/10.3115/976973.976994},
 doi = {http://dx.doi.org/10.3115/976973.976994},
 acmid = {976994},
 publisher = {Morgan Kaufmann Publishers Inc.},
 address = {San Francisco, CA, USA},
} 


''<++>
